@book{vernon2021disturbing,
  title     = {Disturbing the Universe: Wagner's Musikdrama},
  author    = {Vernon, David},
  isbn      = {9781527299245},
  year      = {2021},
  publisher = {Candle Row Press}
}

@techreport{vill2013woman,
  author      = {Vill, Susanne},
  institution = {Universität Wien},
  title       = {`The Woman of the Future', Effects of Richard Wagner's Vision on the Musical and Social Culture},
  year        = {2013},
  address     = {Berlin},
  url         = {https://susanne-vill.at/wp-content/uploads/2016/04/Opening_Lecture_Vill_text.pdf}
}

@book{book,
  author    = {刘建军 and others},
  publisher = {高等教育出版社},
  title     = {马克思主义基本原理},
  year      = {2021},
  address   = {北京}
}

@book{wagner1876gotterdammerung,
  author         = {Wagner, Richard},
  title          = {Der Ring des Nibelungen: Götterdämmerung, WWV 86D},
  year           = {1876}
}